
% Johnson & Weinberg (2020)
@ARTICLE{Johnson2020,
       author = {{Johnson}, James W. and {Weinberg}, David H.},
        title = "{The impact of starbursts on element abundance ratios}",
      journal = {\mnras},
     keywords = {methods: numerical, galaxies: abundances, galaxies: evolution, galaxies: star formation, galaxies: stellar content, Astrophysics - Astrophysics of Galaxies},
         year = 2020,
        month = oct,
       volume = {498},
       number = {1},
        pages = {1364-1381},
          doi = {10.1093/mnras/staa2431},
archivePrefix = {arXiv},
       eprint = {1911.02598},
 primaryClass = {astro-ph.GA},
       adsurl = {https://ui.adsabs.harvard.edu/abs/2020MNRAS.498.1364J},
      adsnote = {Provided by the SAO/NASA Astrophysics Data System}
}

% Johnson et al. (2021)
@ARTICLE{Johnson2021,
       author = {{Johnson}, James W. and {Weinberg}, David H. and {Vincenzo}, Fiorenzo and {Bird}, Jonathan C. and {Loebman}, Sarah R. and {Brooks}, Alyson M. and {Quinn}, Thomas R. and {Christensen}, Charlotte R. and {Griffith}, Emily J.},
        title = "{Stellar migration and chemical enrichment in the milky way disc: a hybrid model}",
      journal = {\mnras},
     keywords = {methods: numerical, galaxies: abundances, galaxies: evolution, galaxies: star formation, galaxies: stellar content, Astrophysics - Astrophysics of Galaxies},
         year = 2021,
        month = dec,
       volume = {508},
       number = {3},
        pages = {4484-4511},
          doi = {10.1093/mnras/stab2718},
archivePrefix = {arXiv},
       eprint = {2103.09838},
 primaryClass = {astro-ph.GA},
       adsurl = {https://ui.adsabs.harvard.edu/abs/2021MNRAS.508.4484J},
      adsnote = {Provided by the SAO/NASA Astrophysics Data System}
}
